%% This BibTeX bibliography file was created using BibDesk.
%% http://bibdesk.sourceforge.net/


%% Created for Daniel Halperin at 2011-08-07 20:10:46 -0700 


%% Saved with string encoding Unicode (UTF-8) 



@inproceedings{Biswas_ExOR,
	Author = {Sanjit Biswas and Robert Morris},
	Booktitle = {ACM SIGCOMM},
	Date-Added = {2011-08-08 03:10:37 +0000},
	Date-Modified = {2011-08-08 03:10:46 +0000},
	Title = {{ExOR}: Opportunistic Multi-Hop Routing for Wireless Networks},
	Year = {2005}}

@inproceedings{Heusse_RateAnomaly,
	Author = {Martin Heusse and Franck Rousseau and Gilles Berger-Sabbatel and Andrzej Duda},
	Booktitle = {IEEE INFOCOM},
	Date-Added = {2011-08-08 02:35:47 +0000},
	Date-Modified = {2011-08-08 02:35:55 +0000},
	Title = {Performance Anomaly of 802.11b},
	Year = {2003}}

@article{Bahl_repeater,
	Author = {Paramvir Bahl and Ranveer Chandra and Patrick P.C. Lee and Vishal Misra and Jitendra Padhye and Dan Rubenstein and Yan Yu},
	Date-Added = {2011-08-08 02:11:06 +0000},
	Date-Modified = {2011-08-08 02:11:15 +0000},
	Journal = {IEEE/ACM ToN},
	Month = {Aug.},
	Number = {4},
	Pages = {1160--1171},
	Title = {Opportunistic Use of Client Repeaters to Improve Performance of {WLAN}s},
	Volume = {17},
	Year = {2009}}

@phdthesis{Rodrig_thesis,
	Author = {Maya Rodrig},
	Date-Added = {2011-08-08 02:10:33 +0000},
	Date-Modified = {2011-08-08 02:10:39 +0000},
	School = {University of Washington},
	Title = {Improving Client Throughput with Multi-hop Relaying in Wireless Mesh Networks},
	Year = {2008}}

@inproceedings{Ravindranath_sensorhints,
	Author = {Lenin Ravindranath and Calvin Newport and Hari Balakrishnan and Samuel Madden},
	Booktitle = {USENIX NSDI},
	Date-Added = {2011-08-03 21:17:27 +0000},
	Date-Modified = {2011-08-03 21:17:32 +0000},
	Title = {Improving Wireless Network Performance Using Sensor Hints},
	Year = {2010}}

@inproceedings{Bhartia_FreqDiv,
	Author = {Apurv Bhartia and Yi-Chao Chen and Swati Rallapalli and Lili Qiu},
	Booktitle = {ACM MobiCom},
	Date-Added = {2011-08-02 02:08:16 +0000},
	Date-Modified = {2011-08-02 02:09:40 +0000},
	Title = {Harnessing Frequency Diversity in {Wi-Fi} Networks},
	Year = {2011}}

@misc{iwlwifi,
	Date-Added = {2011-07-14 16:08:44 -0700},
	Date-Modified = {2011-07-15 15:08:03 -0700},
	Howpublished = {\url{http://intellinuxwireless.org}},
	Title = {{I}ntel {W}ireless {W}i-{F}i {L}ink drivers for {L}inux}}

@inproceedings{SNR_infocom08,
	Author = {Jiansong Zhang and Kun Tan and Jun Zhao and Haitao Wu and Yongguang Zhang},
	Booktitle = {IEEE INFOCOM},
	Date-Added = {2011-07-14 16:06:47 -0700},
	Date-Modified = {2011-07-15 15:06:41 -0700},
	Title = {A Practical {SNR}-Guided Rate Adaptation},
	Year = {2008}}

@inproceedings{Zhao_sensys03,
	Author = {Zhao,, Jerry and Govindan,, Ramesh},
	Booktitle = {ACM SenSys},
	Date-Added = {2011-07-14 16:06:35 -0700},
	Date-Modified = {2011-07-14 16:06:39 -0700},
	Title = {Understanding packet delivery performance in dense wireless sensor networks},
	Year = {2003}}

@inproceedings{Reis_sigcomm06,
	Author = {Reis,, Charles and Mahajan,, Ratul and Rodrig,, Maya and Wetherall,, David and Zahorjan,, John},
	Booktitle = {ACM SIGCOMM},
	Date-Added = {2011-07-14 16:06:23 -0700},
	Date-Modified = {2011-07-14 16:06:27 -0700},
	Title = {Measurement-based models of delivery and interference in static wireless networks},
	Year = {2006}}

@inproceedings{Aguayo_roofnet,
	Annote = {Aguayo, Daniel and Bicket, John and Biswas, Sanjit and Judd, Glenn and Morris, Robert},
	Author = {Daniel Aguayo and John Bicket and Sanjit Biswas and Glenn Judd and Robert Morris},
	Booktitle = {ACM SIGCOMM},
	Date-Added = {2011-07-14 16:06:11 -0700},
	Date-Modified = {2011-07-14 16:06:14 -0700},
	Title = {Link-level Measurements from an 802.11b Mesh Network},
	Year = {2004}}

@inproceedings{Judd_CHARM,
	Author = {Judd,, Glenn and Wang,, Xiaohui and Steenkiste,, Peter},
	Booktitle = {ACM MobiSys},
	Date-Added = {2011-07-14 16:03:01 -0700},
	Date-Modified = {2011-07-14 16:03:07 -0700},
	Title = {Efficient channel-aware rate adaptation in dynamic environments},
	Year = {2008}}

@misc{Nortel_3g,
	Author = {{Nortel Networks}},
	Date-Added = {2011-07-14 16:02:53 -0700},
	Date-Modified = {2011-07-14 16:02:53 -0700},
	Howpublished = {{3GPP TSG RAN WG1 \#35, R1-031370}},
	Title = {Effective {SIR} computation for {OFDM} system-level simulations},
	Year = {2003}}

@mastersthesis{Kant_fla,
	Author = {Shashi Kant and Tobias Lindstr{\o}m Jensen},
	Date-Added = {2011-07-14 16:02:45 -0700},
	Date-Modified = {2011-07-14 16:02:45 -0700},
	School = {Aalborg University},
	Title = {Fast Link Adaptation for {IEEE} 802.11n},
	Year = {2007}}

@book{Tse,
	Author = {David Tse and Pramod Viswanath},
	Date-Added = {2011-07-14 16:02:40 -0700},
	Date-Modified = {2011-07-14 16:02:40 -0700},
	Publisher = {Cambridge University Press},
	Title = {Fundamentals of Wireless Communication},
	Year = {2005}}

@misc{80211,
	Date-Added = {2011-07-14 15:59:48 -0700},
	Date-Modified = {2011-07-14 15:59:48 -0700},
	Title = {{IEEE Std 802.11-2007: Wireless {LAN} Medium Access Control (MAC) and Physical Layer (PHY) Specifications}}}

@misc{80211n,
	Date-Added = {2011-07-14 15:59:48 -0700},
	Date-Modified = {2011-07-14 15:59:48 -0700},
	Title = {{IEEE Std 802.11n-2009}: Enhancements for Higher Throughput}}

@inproceedings{Halperin_power,
	Author = {Daniel Halperin and Ben Greenstein and Anmol Sheth and David Wetherall},
	Booktitle = {USENIX HotPower},
	Date-Added = {2011-07-14 15:59:19 -0700},
	Date-Modified = {2011-07-14 16:03:27 -0700},
	Title = {Demystifying 802.11n Power Consumption},
	Year = {2010}}

@inproceedings{Halperin_ESNR,
	Author = {Daniel Halperin and Wenjun Hu and Anmol Sheth and David Wetherall},
	Booktitle = {ACM SIGCOMM},
	Date-Added = {2011-07-14 15:59:19 -0700},
	Date-Modified = {2011-07-14 16:03:33 -0700},
	Title = {Predictable 802.11 Packet Delivery from Wireless Channel Measurements},
	Year = {2010}}

@inproceedings{Halperin_SIC,
	Author = {Daniel Halperin and Thomas Anderson and David Wetherall},
	Booktitle = {ACM MobiCom},
	Date-Added = {2011-07-14 15:59:19 -0700},
	Date-Modified = {2011-07-14 16:03:21 -0700},
	Title = {Taking the Sting out of Carrier Sense: Interference Cancellation for Wireless {LANs}},
	Year = {2008}}

@article{Halperin_csitool,
	Author = {Daniel Halperin and Wenjun Hu and Anmol Sheth and David Wetherall},
	Date-Added = {2011-07-14 15:59:19 -0700},
	Date-Modified = {2011-07-14 16:03:38 -0700},
	Journal = {ACM SIGCOMM CCR},
	Month = {Jan.},
	Number = {1},
	Pages = {53},
	Title = {Tool Release: Gathering 802.11n Traces with Channel State Information},
	Volume = {41},
	Year = {2011}}

@inproceedings{Vutukuru_SoftRate,
	Author = {Mythili Vutukuru and Hari Balakrishnan and Kyle Jamieson},
	Booktitle = {ACM SIGCOMM},
	Date-Added = {2011-07-14 15:59:12 -0700},
	Date-Modified = {2011-07-14 15:59:12 -0700},
	Title = {Cross-layer wireless bit rate adaptation},
	Year = {2009}}

@inproceedings{Nanda_effectiveSNR,
	Author = {Sanjiv Nanda and Kiran M. Rege},
	Booktitle = {IEEE VTC},
	Date-Added = {2011-07-14 15:57:22 -0700},
	Date-Modified = {2011-07-14 16:03:49 -0700},
	Title = {Frame Error Rates for Convolutional Codes on Fading Channels and the Concept of Effective {$E_b/N_0$}},
	Year = {1998}}

@inproceedings{Liu_EESM,
	Author = {Hao Liu and Liyu Cai and Hongwei Yang and Dong Li},
	Booktitle = {IEEE VTC},
	Date-Added = {2011-07-14 15:57:16 -0700},
	Date-Modified = {2011-07-14 15:57:16 -0700},
	Title = {{EESM} Based Link Error Prediction for Adaptive {MIMO-OFDM} System},
	Year = {2007}}

@inproceedings{Rahul_FARA,
	Author = {Hariharan Rahul and Farinaz Edalat and Dina Katabi and Charles Sodini},
	Booktitle = {ACM MobiCom},
	Date-Added = {2011-07-14 15:57:11 -0700},
	Date-Modified = {2011-07-14 15:57:11 -0700},
	Title = {Frequency-Aware Rate Adaptation and {MAC} Protocols},
	Year = {2009}}

@book{Goldsmith,
	Author = {Andrea Goldsmith},
	Date-Added = {2011-07-14 15:56:04 -0700},
	Date-Modified = {2011-07-14 15:56:04 -0700},
	Publisher = {Cambridge University Press},
	Title = {Wireless Communications},
	Year = {2005}}
