%% This BibTeX bibliography file was created using BibDesk.
%% http://bibdesk.sourceforge.net/


%% Created for Daniel Halperin at 2011-12-27 16:07:31 -0800 


%% Saved with string encoding Unicode (UTF-8) 



@article{rozner_soar,
	Author = {Eric Rozner and Jayesh Seshadri and Yogita Mehta and Lili Qiu},
	Date-Added = {2011-04-20 07:41:34 -0700},
	Date-Modified = {2011-04-20 07:42:40 -0700},
	Journal = {IEEE Trans. Mobile Computing},
	Number = {12},
	Title = {{SOAR}: Simple Opportunistic Adaptive Routing Protocol for Wireless Mesh Networks},
	Volume = {8},
	Year = {2009}}

@inproceedings{liu_dirc,
	Author = {Xi Liu and Anmol Sheth and Michael Kaminsky and Konstantina Papagiannaki and Srini Seshan and Peter Steenkiste},
	Booktitle = {ACM SIGCOMM},
	Date-Added = {2011-04-20 07:14:24 -0700},
	Date-Modified = {2011-04-20 07:15:35 -0700},
	Title = {{DIRC}: Increasing Indoor Wireless Capacity Using Directional Antennas},
	Year = {2009}}

@article{bahl_multiradio,
	Author = {Paramvir Bahl and Atul Adya and Jitendra Padhye and Alec Wolman},
	Date-Added = {2011-04-20 06:43:40 -0700},
	Date-Modified = {2011-04-20 06:44:32 -0700},
	Journal = {ACM SIGCOMM CCR},
	Month = {Oct.},
	Number = {5},
	Pages = {39--46},
	Title = {Reconsidering Wireless Systems with Multiple Radios},
	Volume = {34},
	Year = {2004}}

@inproceedings{hoffman_scc,
	Author = {Jeff Hoffman and David Arditti Illitzky and Anthony Chun and Aliaksei Chapyzhenka},
	Booktitle = {IEEE NOCS},
	Date-Added = {2011-04-20 05:36:47 -0700},
	Date-Modified = {2011-04-20 05:37:26 -0700},
	Title = {Architecture of the Scalable Communications Core},
	Year = {2007}}

@inproceedings{ng_airblue,
	Author = {Man Chuk Ng and Kermin Elliott Fleming and Mythili Vutukuru and Samuel Gross and Arvind and Hari Balakrishnan},
	Booktitle = {ACM/IEEE ANCS},
	Date-Added = {2011-04-20 05:35:07 -0700},
	Date-Modified = {2011-04-20 05:35:49 -0700},
	Title = {Airblue: A System for Cross-Layer Wireless Protocol Development},
	Year = {2010}}

@inproceedings{draves_ett,
	Author = {Rich Draves and Jitendra Padhye and Brian Zill},
	Booktitle = {ACM MobiCom},
	Date-Added = {2011-04-20 01:22:36 -0700},
	Date-Modified = {2011-04-20 01:22:59 -0700},
	Title = {Routing in Multi-Radio, Multi-Hop Wireless Mesh Networks},
	Year = {2004}}

@misc{lte,
	Date-Added = {2011-04-19 10:52:01 -0700},
	Date-Modified = {2011-04-19 10:53:07 -0700},
	Howpublished = {\url{http://www.3gpp.org/}},
	Title = {{3GPP LTE TS 36.101 V8.13.0}}}

@conference{kim_tuning,
	Author = {Tae-Suk Kim and Hyuk Lim and Jennifer C. Hou},
	Booktitle = {ACM MobiCom},
	Date-Added = {2011-04-19 01:44:27 -0700},
	Date-Modified = {2011-04-19 01:44:34 -0700},
	Title = {Improving Spatial Reuse through Tuning Transmit Power, Carrier Sense Threshold, and Data Rate in Multihop Wireless Networks},
	Year = {2006}}

@inproceedings{halperin_sic,
	Author = {Daniel Halperin and Thomas Anderson and David Wetherall},
	Booktitle = {ACM MobiCom},
	Date-Added = {2011-04-19 01:42:19 -0700},
	Date-Modified = {2011-04-19 01:43:14 -0700},
	Title = {Taking the Sting out of Carrier Sense: Interference Cancellation for Wireless {LANs}},
	Year = {2008}}

@inproceedings{kandula_fatvap,
	Author = {Srikanth Kandula and Kate Ching-Ju Lin and Tural Badirkhanli and Dina Katabi},
	Booktitle = {USENIX NSDI},
	Date-Added = {2011-04-19 01:41:02 -0700},
	Date-Modified = {2011-04-19 01:42:01 -0700},
	Title = {{FatVAP}: Aggregating {AP} Backhaul Capacity to Maximize Throughput},
	Year = {2008}}

@inproceedings{chandra_chanwidth,
	Author = {Ranveer Chandra and Ratul Mahajan and Thomas Moscibroda and Ramya Raghavendra and Paramvir Bahl},
	Booktitle = {ACM SIGCOMM},
	Date-Added = {2011-04-19 01:38:56 -0700},
	Date-Modified = {2011-04-19 01:40:07 -0700},
	Title = {A Case for Adapting Channel Width in Wireless Networks},
	Year = {2008}}

@inproceedings{tan_fica,
	Author = {Kun Tan and Ji Fang and Yuanyang Zhang and Shouyuan Chen and Lixin Shi and Jiansong Zhang and Yongguang Zhang},
	Booktitle = {ACM SIGCOMM},
	Date-Added = {2011-04-19 01:34:04 -0700},
	Date-Modified = {2011-04-19 01:34:37 -0700},
	Title = {Fine-grained Channel Access in Wireless {LAN}},
	Year = {2010}}

@inproceedings{heusse_anomaly,
	Author = {Martin Heusse and Franck Rousseau and Gilles Berger-Sabbatel and Andrzej Duda},
	Booktitle = {IEEE INFOCOM},
	Date-Added = {2011-04-19 01:32:11 -0700},
	Date-Modified = {2011-04-19 01:32:48 -0700},
	Title = {Performance Anomaly of 802.11b},
	Year = {2003}}

@article{lucent_arf,
	Author = {Ad Kamerman and Leo Monteban},
	Date-Added = {2011-04-19 00:12:14 -0700},
	Date-Modified = {2011-04-19 01:47:13 -0700},
	Journal = {Bell Labs Technical Journal},
	Month = {Summer},
	Pages = {118--133},
	Title = {{WaveLan-II}: A High-Performance Wireless {LAN} for the Unlicensed Band},
	Year = {1997}}

@inproceedings{sadeghi_oar,
	Author = {B Sadeghi and V Kanodia and A Sabharwal and Edward Knightly},
	Booktitle = {ACM MobiCom},
	Date-Added = {2011-04-19 00:09:22 -0700},
	Date-Modified = {2011-04-19 00:20:49 -0700},
	Title = {Opportunistic Media Access for Multirate Ad Hoc Networks},
	Year = {2002}}

@misc{atheros_ar9390,
	Author = {{Atheros Corporation}},
	Date-Added = {2011-04-18 17:26:19 -0700},
	Date-Modified = {2011-04-19 01:45:59 -0700},
	Title = {{AR9390} Product Overview}}

@inproceedings{biswas_exor,
	Author = {Sanjit Biswas and Robert Morris},
	Booktitle = {ACM SIGCOMM},
	Date-Added = {2011-04-18 17:24:45 -0700},
	Date-Modified = {2011-04-18 17:25:34 -0700},
	Title = {{ExOR}: Opportunistic Multi-Hop Routing for Wireless Networks},
	Year = {2005}}

@article{katti_xors,
	Author = {Sachin Katti and Hariharan Rahul and Wenjun Hu and Dina Katabi and Muriel Medard and Jon Crowcroft},
	Date-Added = {2011-04-18 17:23:07 -0700},
	Date-Modified = {2011-04-18 17:24:19 -0700},
	Journal = {IEEE/ACM ToN},
	Month = {Jun.},
	Number = {3},
	Pages = {497--510},
	Title = {{XORs} in the Air: Practical Wireless Network Coding},
	Volume = {16},
	Year = {2008}}

@inproceedings{katti_anc,
	Author = {Sachin Katti and Shyamnath Gollakota and Dina Katabi},
	Booktitle = {ACM SIGCOMM},
	Date-Added = {2011-04-18 17:22:53 -0700},
	Date-Modified = {2011-04-18 17:22:59 -0700},
	Title = {Embracing Wireless Interference: Analog Network Coding},
	Year = {2007}}

@phdthesis{rodrig_thesis,
	Author = {Maya Rodrig},
	Date-Added = {2011-04-18 17:21:25 -0700},
	Date-Modified = {2011-04-18 17:22:06 -0700},
	School = {University of Washington},
	Title = {Improving Client Throughput with Multi-hop Relaying in Wireless Mesh Networks},
	Year = {2008}}

@inproceedings{li_blockswitched,
	Author = {Ming Li and Devesh Agrawal and Deepak Ganesan and Arun Venkataramani},
	Booktitle = {USENIX NSDI},
	Date-Added = {2011-04-18 17:20:27 -0700},
	Date-Modified = {2011-04-18 17:21:02 -0700},
	Title = {Block-switched Networks: A New Paradigm for Wireless Transport},
	Year = {2009}}

@inproceedings{li_mesh,
	Author = {Yi Li and Lili Qiu and Yin Zhang and Ratul Mahajan and Eric Rozner},
	Booktitle = {ACM SIGCOMM},
	Date-Added = {2011-04-18 17:19:30 -0700},
	Date-Modified = {2011-04-18 17:20:02 -0700},
	Title = {Predictable Performance Optimization for Wireless Networks},
	Year = {2008}}

@conference{bicket_roofnet,
	Author = {John Bicket and Daniel Aguayo and Sanjit Biswas and Robert Morris},
	Booktitle = {ACM MobiCom},
	Date-Added = {2011-04-18 17:18:22 -0700},
	Date-Modified = {2011-04-18 17:18:28 -0700},
	Title = {Architecture and Evaluation of an Unplanned 802.11b Mesh Network},
	Year = {2005}}

@misc{meraki,
	Date-Added = {2011-04-18 17:17:40 -0700},
	Date-Modified = {2011-04-18 17:18:03 -0700},
	Howpublished = {\url{http://meraki.com/}},
	Title = {{Meraki Networks}}}

@misc{rice_tfa,
	Date-Added = {2011-04-18 17:14:47 -0700},
	Date-Modified = {2011-04-18 17:15:18 -0700},
	Howpublished = {\url{http://tfa.rice.edu/}},
	Title = {{The Technology For All Project}}}

@inproceedings{camp_tfa,
	Author = {Joseph Camp and Joshua Robinson and Christopher Steger and Edward Knightly},
	Booktitle = {ACM MobiSys},
	Date-Added = {2011-04-18 17:13:31 -0700},
	Date-Modified = {2011-04-18 17:14:28 -0700},
	Title = {Measurement Driven Deployment of a Two-Tier Urban Mesh Access Network},
	Year = {2006}}

@conference{karn_maca,
	Author = {Phil Karn},
	Booktitle = {ARRL 9th Computer Networking Conf.},
	Date-Added = {2011-04-18 17:11:29 -0700},
	Date-Modified = {2011-04-18 17:11:36 -0700},
	Title = {{MACA} - A New Channel Access Method for Packet Radio},
	Year = {1990}}

@inproceedings{brodsky_csma,
	Author = {Micah Z. Brodsky and Robert T. Morris},
	Booktitle = {ACM SIGCOMM},
	Date-Added = {2011-04-18 01:06:16 -0700},
	Date-Modified = {2011-04-18 01:06:42 -0700},
	Title = {In Defense of Wireless Carrier Sense},
	Year = {2009}}

@inproceedings{vutukuru_cmap,
	Author = {Mythili Vutukuru and Kyle Jamieson and Hari Balakrishnan},
	Booktitle = {USENIX NSDI},
	Date-Added = {2011-04-18 01:02:48 -0700},
	Date-Modified = {2011-04-18 01:03:34 -0700},
	Title = {Harnessing Exposed Terminals in Wireless Networks},
	Year = {2008}}

@article{spencer_mumimo,
	Author = {Quentin H. Spencer and A. Lee Swindlehurst and Martin Haardt},
	Date-Added = {2011-04-18 00:59:52 -0700},
	Date-Modified = {2011-04-18 01:02:11 -0700},
	Journal = {IEEE Trans. Signal Processing},
	Month = {Feb.},
	Number = {2},
	Pages = {461--471},
	Title = {Zero-Forcing Methods for Downlink Spatial Multiplexing in Multi-User {MIMO} Channels},
	Volume = {52},
	Year = {2004}}

@inproceedings{heath_mumimo,
	Author = {Heath, Jr, Robert W. and Manish Airy and Arogyaswami J. Paulraj},
	Booktitle = {ASILOMAR},
	Date-Added = {2011-04-18 00:55:28 -0700},
	Date-Modified = {2011-04-22 13:09:14 -0700},
	Title = {Multiuser Diversity for {MIMO} Wireless Systems with Linear Receivers},
	Year = {2001}}

@inproceedings{ravindranath_sensorhints,
	Author = {Lenin Ravindranath and Calvin Newport and Hari Balakrishnan and Samuel Madden},
	Booktitle = {USENIX NSDI},
	Date-Added = {2011-04-18 00:37:51 -0700},
	Date-Modified = {2011-04-18 00:38:38 -0700},
	Title = {Improving Wireless Network Performance Using Sensor Hints},
	Year = {2010}}

@article{bahl_repeater,
	Author = {Paramvir Bahl and Ranveer Chandra and Patrick P.C. Lee and Vishal Misra and Jitendra Padhye and Dan Rubenstein and Yan Yu},
	Date-Added = {2011-04-18 00:35:05 -0700},
	Date-Modified = {2011-04-18 00:36:56 -0700},
	Journal = {IEEE/ACM ToN},
	Month = {Aug.},
	Number = {4},
	Pages = {1160--1171},
	Title = {Opportunistic Use of Client Repeaters to Improve Performance of {WLAN}s},
	Volume = {17},
	Year = {2009}}

@article{halperin_csitool,
	Author = {Daniel Halperin and Wenjun Hu and Anmol Sheth and David Wetherall},
	Date-Added = {2011-04-17 00:47:18 -0700},
	Date-Modified = {2011-04-18 01:09:55 -0700},
	Journal = {ACM SIGCOMM CCR},
	Month = {Jan.},
	Number = {1},
	Pages = {53},
	Title = {Tool Release: Gathering 802.11n Traces with Channel State Information},
	Volume = {41},
	Year = {2011}}

@inproceedings{edwards_challenges,
	Author = {W. Keith Edwards and Rebecca E. Grinter},
	Booktitle = {Ubicomp},
	Date-Added = {2011-04-15 17:20:18 -0700},
	Date-Modified = {2011-04-15 17:21:06 -0700},
	Title = {At home with ubiquitous computing: Seven challenges},
	Year = {2001}}

@article{satya_cloudlets,
	Author = {M Satyanarayanan and Paramvir Bahl and R Caceres and N Davies},
	Date-Added = {2011-04-14 21:12:17 -0700},
	Date-Modified = {2011-04-14 21:14:54 -0700},
	Journal = {IEEE Pervasive Computing},
	Month = {Oct.--Dec.},
	Number = {4},
	Pages = {14--23},
	Title = {The Case for {VM}-Based Cloudlets in Mobile Computing},
	Volume = {8},
	Year = {2009}}

@misc{wifi_direct,
	Author = {{Wi-Fi Alliance}},
	Date-Added = {2011-04-11 20:39:17 -0700},
	Date-Modified = {2011-12-28 00:07:31 +0000},
	Title = {{Wi-Fi} Peer-to-Peer ({P2P}) Technical Specification, Version 1.1},
	Year = {2010}}

@misc{wireless_hd,
	Date-Added = {2011-04-11 20:32:17 -0700},
	Date-Modified = {2011-04-11 20:40:46 -0700},
	Howpublished = {\url{http://www.wirelesshd.org/}},
	Month = {Aug.},
	Title = {{WirelessHD} Specification Overview},
	Year = {2009}}

@inproceedings{dixon_homeos,
	Author = {Colin Dixon and Sharad Agarwal and A. J. Brush and Bongshin Lee and Ratul Mahajan and Stefan Saroiu and Victor Bahl},
	Booktitle = {HotNets},
	Date-Added = {2011-04-11 20:30:21 -0700},
	Date-Modified = {2011-04-11 20:31:29 -0700},
	Title = {The Home Needs an Operating System (and an App Store)},
	Year = {2010}}

@misc{microsoft_home,
	Author = {Microsoft},
	Date-Added = {2011-04-10 13:16:58 -0700},
	Date-Modified = {2011-04-10 13:19:15 -0700},
	Howpublished = {\url{http://www.microsoft.com/presspass/presskits/mshome/Default.aspx}},
	Title = {The {M}icrosoft {H}ome: Imagining Future Experiences}}

@misc{airtunes,
	Author = {Apple.},
	Date-Added = {2011-04-08 16:02:03 -0700},
	Date-Modified = {2011-04-08 16:02:21 -0700},
	Title = {Airport Express}}

@misc{eyefi,
	Author = {{Eye-Fi memory cards}},
	Date-Added = {2011-04-08 15:42:50 -0700},
	Date-Modified = {2011-04-08 15:43:53 -0700},
	Howpublished = {\url{http://www.eye.fi/}}}

@misc{widi-rx,
	Author = {{NETGEAR PTV1000 Push2TV}},
	Date-Added = {2011-04-08 15:41:15 -0700},
	Date-Modified = {2011-04-08 15:41:28 -0700}}

@misc{widi,
	Author = {{Intel Wireless Display}},
	Date-Added = {2011-04-08 15:38:24 -0700},
	Date-Modified = {2011-04-08 15:40:30 -0700},
	Title = {\url{http://www.intel.com/consumer/products/technology/wirelessdisplay.htm}}}

@article{marsan_multichan,
	Author = {Marco Ajmone Marsan and Daniele Roffinella},
	Date-Added = {2011-04-05 13:45:42 -0700},
	Date-Modified = {2011-04-11 20:41:21 -0700},
	Journal = {IEEE JSAC},
	Month = {Nov.},
	Number = {5},
	Pages = {885--897},
	Title = {Multichannel Local Area Network Protocols},
	Volume = {1},
	Year = {1983}}

@inproceedings{nasipuri_multichan,
	Author = {Asis Nasipuri and Samir R Das},
	Booktitle = {IEEE VTC},
	Date-Added = {2011-04-05 13:39:41 -0700},
	Date-Modified = {2011-04-05 13:40:14 -0700},
	Title = {Multichannel {CSMA} with Signal Power-Based Channel Selection for Multihop Wireless Networks},
	Year = {2000}}

@inproceedings{whitehead_mesh,
	Author = {Philip Whitehead},
	Booktitle = {RAWCON},
	Date-Added = {2011-04-05 13:36:54 -0700},
	Date-Modified = {2011-04-05 13:37:26 -0700},
	Title = {Mesh Networks: a new Architecture for Broadband Wireless Access Systems},
	Year = {2000}}

@inproceedings{chandra_multinet,
	Author = {Ranveer Chandra and Paramvir Bahl and Pradeep Bahl},
	Booktitle = {IEEE INFOCOM},
	Date-Added = {2011-04-05 13:33:31 -0700},
	Date-Modified = {2011-04-05 13:34:16 -0700},
	Title = {{MultiNet}: Connecting to Multiple {IEEE} 802.11 Networks Using a Single Wireless Card},
	Year = {2004}}

@inproceedings{perkins_dsdv,
	Author = {Charles E Perkins and Pravin Bhagwat},
	Booktitle = {ACM SIGCOMM},
	Date-Added = {2011-04-05 02:36:50 -0700},
	Date-Modified = {2011-04-05 02:38:19 -0700},
	Title = {Highly Dynamic Desination-Sequenced Distance Vector Routing ({DSDV}) for Mobile Computers},
	Year = {1994}}

@article{nagus_homerf,
	Author = {Kevin J Nagus and Adrian P Stephens and Jim Lansford},
	Date-Added = {2011-04-05 01:55:13 -0700},
	Date-Modified = {2011-04-11 20:41:00 -0700},
	Journal = {IEEE Personal Communications},
	Month = {Feb.},
	Number = {1},
	Pages = {20--27},
	Title = {{HomeRF}: wireless networking for the connected home},
	Volume = {7},
	Year = {2000}}

@inproceedings{halperin_power,
	Author = {Daniel Halperin and Ben Greenstein and Anmol Sheth and David Wetherall},
	Booktitle = {USENIX HotPower},
	Date-Added = {2011-04-01 20:32:05 -0700},
	Date-Modified = {2011-04-05 02:01:53 -0700},
	Title = {Demystifying 802.11n Power Consumption},
	Year = {2010}}

@inproceedings{halperin_esnr,
	Author = {Daniel Halperin and Wenjun Hu and Anmol Sheth and David Wetherall},
	Booktitle = {ACM SIGCOMM},
	Date-Added = {2011-04-01 20:30:14 -0700},
	Date-Modified = {2011-04-01 20:32:02 -0700},
	Title = {Predictable 802.11 Packet Delivery from Wireless Channel Measurements},
	Year = {2010}}

@misc{Nortel_3g,
	Author = {{Nortel Networks}},
	Date-Added = {2010-06-16 16:17:29 -0700},
	Date-Modified = {2010-06-16 16:23:20 -0700},
	Howpublished = {{3GPP TSG RAN WG1 \#35, R1-031370}},
	Title = {Effective {SIR} computation for {OFDM} system-level simulations},
	Year = {2003}}

@inproceedings{Liu_EESM,
	Author = {Hao Liu and Liyu Cai and Hongwei Yang and Dong Li},
	Booktitle = {IEEE VTC},
	Date-Added = {2010-06-16 16:10:32 -0700},
	Date-Modified = {2010-06-16 16:17:23 -0700},
	Title = {{EESM} Based Link Error Prediction for Adaptive {MIMO-OFDM} System},
	Year = {2007}}

@mastersthesis{Kant_fla,
	Author = {Shashi Kant and Tobias Lindstr{\o}m Jensen},
	Date-Added = {2010-06-13 02:59:38 -0700},
	Date-Modified = {2010-06-13 03:01:31 -0700},
	School = {Aalborg University},
	Title = {Fast Link Adaptation for {IEEE} 802.11n},
	Year = {2007}}

@misc{minstrel,
	Author = {Derek Smithies and Felix Fietkau},
	Date-Added = {2009-10-02 09:47:48 -0700},
	Date-Modified = {2009-10-02 09:53:38 -0700},
	Title = {minstrel: {MadWiFi} and {L}inux kernel rate selection algorithm},
	Year = {2005}}

@inproceedings{Eriksson_Cabernet,
	Author = {Jakob Eriksson and Hari Balakrishnan and Samuel Madden},
	Booktitle = {ACM MobiCom},
	Date-Added = {2009-10-01 19:03:27 -0700},
	Date-Modified = {2009-10-01 19:04:15 -0700},
	Title = {Cabernet: Vehicular Content Delivery Using {WiFi}},
	Year = {2008}}

@inproceedings{Rahul_FARA,
	Author = {Hariharan Rahul and Farinaz Edalat and Dina Katabi and Charles Sodini},
	Booktitle = {ACM MobiCom},
	Date-Added = {2009-10-01 18:49:39 -0700},
	Date-Modified = {2009-10-01 18:50:33 -0700},
	Title = {Frequency-Aware Rate Adaptation and {MAC} Protocols},
	Year = {2009}}

@inproceedings{Martorell_11n,
	Author = {Gabriel Martorell and Felip Riera-Palou and Guillem Femenias},
	Booktitle = {Cross Layer Design (IWCLD)},
	Date-Added = {2009-10-01 14:59:54 -0700},
	Date-Modified = {2009-10-01 17:16:21 -0700},
	Title = {Cross-layer link adaptation for {IEEE} 802.11n},
	Year = {2009}}

@book{Tse,
	Author = {David Tse and Pramod Viswanath},
	Publisher = {Cambridge University Press},
	Title = {Fundamentals of Wireless Communication},
	Year = {2005}}

@inproceedings{wong_rraa,
	Author = {Starsky H. Y. Wong and Hao Yang and Songwu Lu and Vaduvur Bharghavan},
	Booktitle = {ACM MobiCom},
	Date-Modified = {2011-04-19 17:18:05 -0700},
	Title = {Robust rate adaptation for 802.11 wireless networks},
	Year = {2006}}

@inproceedings{Vutukuru_SoftRate,
	Author = {Mythili Vutukuru and Hari Balakrishnan and Kyle Jamieson},
	Booktitle = {ACM SIGCOMM},
	Date-Added = {2009-09-28 17:12:17 -0700},
	Date-Modified = {2009-09-28 17:14:57 -0700},
	Title = {Cross-layer wireless bit rate adaptation},
	Year = {2009}}

@inproceedings{accurate_nsdi10,
	Author = {Souvik Sen and Naveen Santhapuri and Romit Roy Choudhury and Srihari Nelakuditi},
	Booktitle = {USENIX NSDI},
	Date-Modified = {2010-05-11 12:08:29 -0700},
	Title = {{AccuRate}: Constellation Based Rate Estimation in Wireless Networks},
	Year = {2010}}

@inproceedings{snr_infocom08,
	Author = {Zhang et al., Jiansong},
	Booktitle = {IEEE INFOCOM},
	Date-Modified = {2010-05-16 17:55:55 -0700},
	Title = {A Practical {SNR}-Guided Rate Adaptation},
	Year = {2008}}

@article{mimo_channel_model1,
	Address = {Hingham, MA, USA},
	Author = {\c{C}olako\u{g}lu,, M\"{u}ge Karaman and \c{S}afak,, Mehmet},
	Doi = {http://dx.doi.org/10.1007/s11277-007-9393-x},
	Issn = {0929-6212},
	Journal = {Wirel. Pers. Commun.},
	Number = {1},
	Publisher = {Kluwer Academic Publishers},
	Title = {On the {MIMO} Channel Capacity Predicted by {K}ronecker and {M}\"{u}ller Models},
	Volume = {47},
	Year = {2008},
	Bdsk-Url-1 = {http://dx.doi.org/10.1007/s11277-007-9393-x}}

@article{mimo_info_theory1,
	Author = {Rapajic, P.B. and Popescu, D.},
	Journal = {IEEE Trans. Communications},
	Number = {8},
	Title = {Information capacity of a random signature multiple-input multiple-output channel},
	Volume = {48},
	Year = {2000}}

@article{mimo_info_theory2,
	Author = {Babak Hassibi and Bertrand M. Hochwald},
	Journal = {IEEE Trans. Inform. Theory},
	Title = {How much training is needed in multiple-antenna wireless links},
	Volume = {49},
	Year = {2003}}

@article{mimo_info_theory3,
	Author = {Andrea J. Goldsmith and Pravin P. Varaiya},
	Journal = {IEEE Trans. Inform. Theory},
	Title = {Capacity of fading channels with channel side information},
	Volume = {43},
	Year = {1986}}

@article{STBC,
	Author = {Alamouti, S.M.},
	Journal = {IEEE Journal on Selected Areas in Communications},
	Title = {A simple transmit diversity technique for wireless communications},
	Volume = {49},
	Year = {1998}}

@article{STTC,
	Author = {Tarokh, V. and Seshadri, N. and Calderbank, A.R.},
	Journal = {IEEE Trans. Information Theory},
	Title = {Space-time codes for high data rate wireless communication: performance criterion and code construction},
	Volume = {44},
	Year = {1998}}

@article{vblast,
	Author = {Wolniansky, P.W. and Foschini, G.J. and Golden, G.D. and Valenzuela, R.A.},
	Journal = {URSI International Symposium on Signals, Systems, and Electronics},
	Title = {{V-BLAST}: an architecture for realizing very high data rates over the rich-scattering wireless channel},
	Year = {1998}}

@article{SVD,
	Address = {Hingham, MA, USA},
	Author = {Ha,, Jeongseok and Mody,, Apurva N. and Sung,, Joon H. and Barry,, John R. and Mclaughlin,, Steven W. and St\"{u}ber,, Gordon L.},
	Doi = {http://dx.doi.org/10.1023/A:1020965726887},
	Issn = {0929-6212},
	Journal = {Wirel. Pers. Commun.},
	Number = {1},
	Publisher = {Kluwer Academic Publishers},
	Title = {{LDPC} Coded {OFDM} with {A}lamouti/{SVD} Diversity Technique},
	Volume = {23},
	Year = {2002},
	Bdsk-Url-1 = {http://dx.doi.org/10.1023/A:1020965726887}}

@article{channel1,
	Author = {Stridh, R. and Ottersten, B. and Karlsson, P.},
	Doi = {10.1109/ACSSC.2000.911049},
	Journal = {Asilomar Conference on Signals, Systems and Computers},
	Title = {{MIMO} channel capacity of a measured indoor radio channel at 5.8~{GH}z},
	Volume = {1},
	Year = {2000},
	Bdsk-Url-1 = {http://dx.doi.org/10.1109/ACSSC.2000.911049}}

@article{channel2,
	Author = {Molisch, A.F. and Steinbauer, M. and Toeltsch, M. and Bonek, E. and Thoma, R.S.},
	Doi = {10.1109/49.995515},
	Issn = {0733-8716},
	Journal = {IEEE Journal on Selected Areas in Communications},
	Month = {Apr},
	Number = {3},
	Title = {Capacity of {MIMO} systems based on measured wireless channels},
	Volume = {20},
	Year = {2002},
	Bdsk-Url-1 = {http://dx.doi.org/10.1109/49.995515}}

@article{channel3,
	Author = {Kyritsi, P. and Cox, D.C. and Valenzuela, R.A. and Wolniansky, P.W.},
	Doi = {10.1109/JSAC.2003.810299},
	Issn = {0733-8716},
	Journal = {IEEE Journal on Selected Areas in Communications},
	Month = {June},
	Number = {5},
	Title = {Correlation analysis based on {MIMO} channel measurements in an indoor environment},
	Volume = {21},
	Year = {2003},
	Bdsk-Url-1 = {http://dx.doi.org/10.1109/JSAC.2003.810299}}

@article{channel4,
	Author = {Kai Yu and Bengtsson, M. and Ottersten, B. and McNamara, D. and Karlsson, P. and Beach, M.},
	Doi = {10.1109/GLOCOM.2001.965098},
	Journal = {IEEE GLOBECOM},
	Title = {Second order statistics of {NLOS} indoor {MIMO} channels based on 5.2~{GH}z measurements},
	Volume = {1},
	Year = {2001},
	Bdsk-Url-1 = {http://dx.doi.org/10.1109/GLOCOM.2001.965098}}

@article{system2,
	Author = {Allert Van Zelst and Tim C. W. Schenk and Student Member and Student Member},
	Journal = {IEEE Trans. Sign. Proc},
	Title = {Implementation of a {MIMO} {OFDM}-based wireless {LAN} system},
	Volume = {52},
	Year = {2004}}

@article{system3,
	Author = {Perels, David and Haene, Simon and Luethi, Peter and Burg, Andreas and Felber, Norbert and Fichtner, Wolfgang and B\"olcskei, Helmut},
	Date-Modified = {2010-05-12 16:24:59 -0700},
	Journal = {European Solid-State Circuits Conference (ESSCIRC)},
	Month = sep,
	Title = {{ASIC} implementation of a {MIMO}-{OFDM} transceiver for 192 {M}bps {WLANs}},
	Year = 2005,
	Bdsk-Url-1 = {http://www.nari.ee.ethz.ch/commth/pubs/p/esscirc05}}

@article{telatar,
	Author = {Emre Telatar},
	Journal = {European Trans. Telecommunications},
	Number = {6},
	Title = {Capacity of Multi-antenna {G}aussian Channels},
	Url = {http://citeseer.ist.psu.edu/346880.html},
	Volume = {10},
	Year = {1999},
	Bdsk-Url-1 = {http://citeseer.ist.psu.edu/346880.html}}

@article{foschini98,
	Author = {G. J. Foschini and M. J. Gans},
	Journal = {Wireless Personal Communications},
	Title = {On limits of wireless communications in a fading environment when using multiple antennas},
	Volume = {6},
	Year = {1998}}

@misc{foschini96,
	Author = {G. Foschini},
	Howpublished = {Bell Labs Technical Journal},
	Month = {Autumn},
	Title = {Layered Space-Time Architecture for Wireless Communication in a Fading Environment when using Multi-Element Antennas},
	Year = {1996}}

@article{tse-diversity,
	Author = {Lizhong Zheng and Tse, D.N.C.},
	Doi = {10.1109/TIT.2003.810646},
	Issn = {0018-9448},
	Journal = {IEEE Trans. Information Theory},
	Month = {May},
	Number = {5},
	Title = {Diversity and multiplexing: a fundamental tradeoff in multiple-antenna channels},
	Volume = {49},
	Year = {2003},
	Bdsk-Url-1 = {http://dx.doi.org/10.1109/TIT.2003.810646}}

@inproceedings{microscope,
	Author = {Vivek Shrivastava and Shravan Rayanchu and Jongwoon Yoon and Suman Banerjee},
	Booktitle = {ACM IMC},
	Title = {802.11n under the microscope},
	Year = {2008}}

@inproceedings{11b_congestion,
	Address = {Berkeley, CA, USA},
	Author = {Jardosh,, Amit P. and Ramachandran,, Krishna N. and Almeroth,, Kevin C. and Belding-Royer,, Elizabeth M.},
	Booktitle = {IMC '05: Proceedings of the 5th ACM SIGCOMM conference on Internet Measurement},
	Location = {Berkeley, CA},
	Publisher = {USENIX Association},
	Title = {Understanding congestion in {IEEE} 802.11b wireless networks},
	Year = {2005}}

@inproceedings{judd_rate_adapt,
	Author = {Judd,, Glenn and Wang,, Xiaohui and Steenkiste,, Peter},
	Booktitle = {ACM MobiSys},
	Title = {Efficient channel-aware rate adaptation in dynamic environments},
	Year = {2008}}

@inproceedings{symphony09,
	Author = {Ramachandran, Kishore and Kokku, Ravi and Zhang, Honghai and Gruteser, Marco},
	Booktitle = {ACM MobiSys},
	Date-Modified = {2009-10-01 20:40:15 -0700},
	Title = {Symphony: synchronous two-phase rate and power control in 802.11 {WLAN}s},
	Year = {2008}}

@inproceedings{hydra_infocom09,
	Author = {Kim et al., W},
	Booktitle = {IEEE INFOCOM},
	Date-Modified = {2010-01-29 19:36:27 -0800},
	Title = {An Experimental Evaluation of Rate Adaptation for Multi-Antenna Systems},
	Year = {2009}}

@inproceedings{power_control_study,
	Author = {Son, Dongjin and Krishnamachari, B. and Heidemann, J.},
	Booktitle = {IEEE SECON},
	Title = {Experimental study of the effects of transmission power control and blacklisting in wireless sensor networks},
	Year = {2004}}

@inproceedings{pcmac,
	Author = {Monks, J. P. and Bharghavan, V. and Hwu, W. M. W.},
	Booktitle = {IEEE INFOCOM},
	Title = {A power controlled multiple access protocol for wireless packet networks},
	Year = {2001}}

@inproceedings{11bsigmetrics,
	Address = {New York, NY, USA},
	Author = {Choi,, Sunwoong and Park,, Kihong and Kim,, Chong-kwon},
	Booktitle = {SIGMETRICS '05: Proceedings of the 2005 ACM SIGMETRICS international conference on Measurement and modeling of computer systems},
	Doi = {http://doi.acm.org/10.1145/1064212.1064225},
	Isbn = {1-59593-022-1},
	Location = {Banff, Alberta, Canada},
	Publisher = {ACM},
	Title = {On the performance characteristics of {WLAN}s: revisited},
	Year = {2005},
	Bdsk-Url-1 = {http://doi.acm.org/10.1145/1064212.1064225}}

@article{airburst,
	Author = {Sampath, H. and Talwar, S. and Tellado, J. and Erceg, V. and Paulraj, A.},
	Doi = {10.1109/MCOM.2002.1031841},
	Issn = {0163-6804},
	Journal = {IEEE Communications Magazine},
	Month = {Sep},
	Number = {9},
	Title = {A fourth-generation {MIMO-OFDM} broadband wireless system: design, performance, and field trial results},
	Volume = {40},
	Year = {2002},
	Bdsk-Url-1 = {http://dx.doi.org/10.1109/MCOM.2002.1031841}}

@misc{80211,
	Date-Modified = {2011-04-01 20:57:39 -0700},
	Title = {{IEEE Std 802.11-2007: Wireless {LAN} Medium Access Control (MAC) and Physical Layer (PHY) Specifications}}}

@misc{80211b,
	Date-Modified = {2011-04-01 20:58:15 -0700},
	Title = {{IEEE Std 802.11b-1999}: Higher-Speed Physical Layer Extension in the 2.4~{GHz} Band}}

@misc{80211g,
	Date-Modified = {2011-04-01 20:57:57 -0700},
	Title = {{IEEE Std 802.11g-2003}: Further Higher Data Rate Extension in the 2.4~{GHz} Band}}

@misc{80211n,
	Date-Modified = {2011-04-01 20:57:54 -0700},
	Title = {{IEEE Std 802.11n-2009}: Enhancements for Higher Throughput}}

@misc{wimax,
	Author = {IEEE},
	Howpublished = {\url{http://www.ieee802.org}},
	Title = {{IEEE 802.16e}: {IEEE} Standard for Local and metropolitan area networks},
	Year = {2005}}

@misc{802154,
	Date-Modified = {2011-04-01 20:57:50 -0700},
	Title = {{IEEE Std 802.15.4-2006} : Wireless Medium Access Control and Physical Layer Specifications for Low-Rate Wireless Personal Area Networks}}

@misc{RayleighFading,
	Author = {JPL},
	Howpublished = {\url{http://wireless.per.nl/reference/chaptr03/rayleigh.htm}},
	Title = {Rayleigh fading},
	Year = {1999}}

@misc{RicianFading,
	Author = {JPL},
	Howpublished = {\url{http://wireless.per.nl/reference/chaptr03/ricepdf/rice.htm}},
	Title = {Rician fading},
	Year = {1999}}

@inproceedings{Miu_MRD,
	Author = {Allen Miu and Hari Balakrishnan and Can Emre Koskal},
	Booktitle = {ACM MobiCom},
	Date-Modified = {2011-04-19 01:48:03 -0700},
	Title = {Improving loss resilience with multi-radio diversity in wireless networks},
	Year = {2005}}

@book{Goldsmith,
	Author = {Andrea Goldsmith},
	Publisher = {Cambridge University Press},
	Title = {Wireless Communications},
	Year = {2005}}

@misc{something,
	Author = {Something {\color{red} XXXXXXXX}},
	Title = {Something {\color{red} XXXXXXXX}}}

@inproceedings{Peng_adaptivemod,
	Author = {Fei Peng and Jinyun Zhang and William E. Ryan},
	Booktitle = {IEEE WCNC},
	Title = {Adaptive Modulation and Coding for {IEEE} 802.11n},
	Year = {2007}}

@misc{iwlwifi,
	Date-Modified = {2011-07-14 16:08:38 -0700},
	Howpublished = {\newline\url{http://intellinuxwireless.org}},
	Title = {{I}ntel {W}ireless {W}i-{F}i {L}ink drivers for {L}inux}}

@book{MIMO_book,
	Author = {Claude Oestges and Bruno Clerckx},
	Publisher = {Academic Press},
	Title = {{MIMO} Wireless Communications: From Real-World Propagation to Space-Time Code Design},
	Year = {2007}}

@inproceedings{aguayo_roofnet,
	Annote = {Aguayo, Daniel and Bicket, John and Biswas, Sanjit and Judd, Glenn and Morris, Robert},
	Author = {Daniel Aguayo and John Bicket and Sanjit Biswas and Glenn Judd and Robert Morris},
	Booktitle = {ACM SIGCOMM},
	Date-Modified = {2011-04-18 23:55:23 -0700},
	Title = {Link-level Measurements from an 802.11b Mesh Network},
	Year = {2004}}

@inproceedings{Jamieson_PPR,
	Author = {Kyle Jamieson and Hari Balakrishnan},
	Booktitle = {ACM SIGCOMM},
	Title = {{PPR}: Partial Packet Recovery for Wireless Networks},
	Year = {2007}}

@inproceedings{Lin_ZipTX,
	Author = {Kate Ching-Ju Lin and Nate Kushman and Dina Katabi},
	Booktitle = {ACM MobiCom},
	Title = {{ZipTx}: Harnessing Partial Packets in 802.11 Networks},
	Year = {2008}}

@book{Sklar,
	Author = {Bernard Sklar},
	Publisher = {Prentice-Hall, Inc.},
	Title = {Digital Communications: Fundamentals and Applications},
	Year = {1988}}

@inproceedings{reis_sigcomm06,
	Author = {Reis,, Charles and Mahajan,, Ratul and Rodrig,, Maya and Wetherall,, David and Zahorjan,, John},
	Booktitle = {ACM SIGCOMM},
	Title = {Measurement-based models of delivery and interference in static wireless networks},
	Year = {2006}}

@inproceedings{zhao_sensys03,
	Author = {Zhao,, Jerry and Govindan,, Ramesh},
	Booktitle = {ACM SenSys},
	Title = {Understanding packet delivery performance in dense wireless sensor networks},
	Year = {2003}}

@inproceedings{camp_mobicom08,
	Author = {Camp,, Joseph and Knightly,, Edward},
	Booktitle = {ACM MobiCom},
	Title = {Modulation rate adaptation in urban and vehicular environments: cross-layer implementation and experimental evaluation},
	Year = {2008}}

@inproceedings{lampe02misunderstandings,
	Annote = {M. Lampe and H. Rohling and W. Zirwas},
	Author = {M. Lampe and others},
	Booktitle = {IEEE PIMRC},
	Date-Modified = {2010-06-16 20:11:34 -0700},
	Title = {Misunderstandings about Link Adaptation for frequency selective fading channels},
	Year = {2002}}

@inproceedings{fsf_la,
	Author = {Armour, S and Doufexi, A and Nix, A and Bull, D.},
	Booktitle = {IEEE VTC},
	Title = {A study of the impact of frequency selectivity on link adaptive wireless {LAN} systems},
	Year = {2002}}

@inproceedings{nanda_effectiveSNR,
	Author = {Sanjiv Nanda and Kiran M. Rege},
	Booktitle = {IEEE VTC},
	Title = {Frame Error Rates for Convolutional Codes on Fading Channels and the Concept of Effective {$E_b/N_0$}},
	Year = {1998}}

@mastersthesis{Bicket_SampleRate,
	Author = {John C. Bicket},
	Date-Modified = {2010-06-13 03:03:44 -0700},
	School = {MIT},
	Title = {Bit-rate selection in wireless networks},
	Year = {2005}}

@article{ofdm_channel1,
	Address = {New York, NY, United States},
	Author = {Suzuki,, Hajime and Van Anh Tran,, Thi and Collings,, Iain B.},
	Doi = {http://dx.doi.org/10.1155/2007/19728},
	Issn = {1687-1472},
	Journal = {EURASIP J. Wirel. Commun. Netw.},
	Number = {1},
	Publisher = {Hindawi Publishing Corp.},
	Title = {Characteristics of {MIMO-OFDM} channels in indoor environments},
	Volume = {2007},
	Year = {2007},
	Bdsk-Url-1 = {http://dx.doi.org/10.1155/2007/19728}}

@inproceedings{ofdm_channel2,
	Author = {Patwari,, Neal and Kasera,, Sneha K.},
	Booktitle = {ACM MobiCom},
	Isbn = {978-1-59593-681-3},
	Title = {Robust location distinction using temporal link signatures},
	Year = {2007}}

@article{model1,
	Author = {McDonnell, J.T.E.},
	Date-Modified = {2011-04-11 20:41:05 -0700},
	Journal = {IEEE Colloquium on Antennas and Propagation for Future Mobile Communications},
	Month = {Feb.},
	Title = {5~{GH}z Indoor channel characterization: measurements and models},
	Year = {1998}}

@article{model2,
	Author = {Medbo, J. and Hallenberg, H. and Berg, J.-E.},
	Doi = {10.1109/VETEC.1999.778043},
	Journal = {IEEE VTC},
	Month = {Jul},
	Title = {Propagation characteristics at 5~{GH}z in typical radio-{LAN} scenarios},
	Volume = {1},
	Year = {1999},
	Bdsk-Url-1 = {http://dx.doi.org/10.1109/VETEC.1999.778043}}

@article{tralli,
	Author = {Tralli, V.},
	Doi = {10.1109/WCNC.1999.796843},
	Journal = {IEEE WCNC},
	Title = {Efficient simulation of frame and bit error rate in wireless systems with convolutional codes and correlated fading channels},
	Year = {1999},
	Bdsk-Url-1 = {http://dx.doi.org/10.1109/WCNC.1999.796843}}

@article{ofdm_channel3,
	Author = {Carroll, M. and Wysocki, T.A.},
	Doi = {10.1109/TIC.2003.1249099},
	Journal = {IEEE SympoTIC},
	Month = {Oct.},
	Title = {Fading characteristics for indoor wireless channels at 5~{GH}z unlicensed bands},
	Year = {2003},
	Bdsk-Url-1 = {http://dx.doi.org/10.1109/TIC.2003.1249099}}

@inproceedings{handoff_mobisys06,
	Author = {Mhatre,, Vivek and Papagiannaki,, Konstantina},
	Booktitle = {ACM MobiSys},
	Title = {Using smart triggers for improved user performance in 802.11 wireless networks},
	Year = {2006}}

@inproceedings{handoff_wowmom06,
	Author = {Liao,, Yong and Gao,, Lixin},
	Booktitle = {IEEE WOWMOM},
	Title = {Practical Schemes for Smooth {MAC} Layer Handoff in 802.11 Wireless Networks},
	Year = {2006}}

@article{tobagi06,
	Author = {Awoniyi, O. and Tobagi, F. A.},
	Journal = {IEEE INFOCOM},
	Title = {Packet Error Rate in {OFDM}-Based Wireless {LAN}s Operating in Frequency Selective Channels},
	Year = {2006}}

@article{webb95,
	Author = {W. T. Webb and R. Steele},
	Journal = {IEEE Transactions on Communications},
	Title = {Variable Rate {QAM} for Mobile Radio},
	Year = {1995}}

@inproceedings{Keller00adaptivemulticarrier,
	Author = {Thomas Keller and Lajos Hanzo},
	Booktitle = {Proc. IEEE},
	Title = {Adaptive multicarrier modulation: a convenient framework for time-frequency processing in wireless communications},
	Year = {2000}}

@book{info_theory_book,
	Author = {T Cover and J Thomas},
	Publisher = {J Wiley and Sons Inc},
	Title = {Elements of Information Theory},
	Year = {1991}}

@inproceedings{adaptiveOFDM1,
	Author = {Andreas Czylwik},
	Booktitle = {IEEE GLOBECOMM},
	Title = {Adaptive {OFDM} for wideband radio channels},
	Year = {1996}}

@article{adaptiveOFDM2,
	Author = {C. Wong and R. Cheng and K. Letaief and R. Murch},
	Journal = {IEEE J. Selected Areas Comm.},
	Title = {Multiuser {OFDM} with adaptive subcarrier, bit, and power allocation},
	Url = {citeseer.ist.psu.edu/wong99multiuser.html},
	Year = {1999},
	Bdsk-Url-1 = {citeseer.ist.psu.edu/wong99multiuser.html}}

@article{ofdm_power_alloc,
	Author = {Ermolova,, N. Y. and Makarevitch,, B.},
	Journal = {EURASIP J. Wirel. Commun. Netw.},
	Title = {Practical approaches to adaptive resource allocation in {OFDM} systems},
	Year = {2008}}

@inproceedings{judd_nsdi05,
	Author = {Judd,, Glenn and Steenkiste,, Peter},
	Booktitle = {NSDI},
	Publisher = {USENIX Association},
	Title = {Using emulation to understand and improve wireless networks and applications},
	Year = {2005}}
